%%% ====================================================================
%%%  BibTeX-file{
%%%     author          = "Gerry Murray",
%%%     version         = "1.2",
%%%     date            = "2 April 2012",
%%%     filename        = "acmsmall-sample-bibfile.bib",
%%%     address         = "ACM, NY",
%%%     email           = "murray at hq.acm.org",
%%%     codetable       = "ISO/ASCII",
%%%     keywords        = "ACM Reference Format, bibliography, citation, references",
%%%     supported       = "yes",
%%%     docstring       = "This BibTeX database file contains 'bibdata' entries
%%%                        that 'match' the examples provided in the Specifications Document
%%%                        AND, also, 'legacy'-type bibs. It should assist authors in
%%%                        choosing the 'correct' at-bibtype and necessary bib-fields
%%%                        so as to obtain the appropriate ACM Reference Format output.
%%%                        It also contains many 'Standard Abbreviations'. "
%%%  }
%%% ====================================================================

% Journals

% First the Full Name is given, then the abbreviation used in the AMS Math
% Reviews, with an indication if it could not be found there.
% Note the 2nd overwrites the 1st, so swap them if you want the full name.

@misc{accesstoken,
    title = {Spotify API, Access Token},
    howpublished = {\url{https://developer.spotify.com/documentation/web-api/concepts/access-token}},
}

@misc{getArtist,
    title = {Spotify API, Get Artist},
    howpublished = {\url{https://developer.spotify.com/documentation/web-api/reference/get-an-artist}},
}

@misc{NumPyDoc,
    title = {NumPy Documentation},
    howpublished = {\url{https://numpy.org/doc/stable/reference/index.html}},
}

@misc{pandas,
    title = {Pandas Documentation},
    howpublished = {\url{https://pandas.pydata.org/docs/}},
}

@misc{SNALectures,
    title = {Social Network Analysis Courses},
    howpublished = {\url{https://github.com/sna-unipi}},
}

@misc{gephidoc,
    title = {Gephi Documentation},
    howpublished = {\url{https://docs.gephi.org/}},
}